<record><leader>00000cas a2200000 i 4500</leader><controlfield tag="001">1001572935</controlfield><controlfield tag="008">170823c19849999vauwr ne      0    0vie c</controlfield><datafield ind1=" " ind2=" " tag="010"><subfield code="a">  2017225082</subfield></datafield><datafield ind1=" " ind2=" " tag="040"><subfield code="a">CRL</subfield><subfield code="b">eng</subfield><subfield code="e">rda</subfield><subfield code="c">CRL</subfield><subfield code="d">OCLCF</subfield><subfield code="d">OCLCA</subfield></datafield><datafield ind1=" " ind2=" " tag="042"><subfield code="a">pcc</subfield></datafield><datafield ind1=" " ind2=" " tag="043"><subfield code="a">a-vt---</subfield><subfield code="a">n-us-va</subfield></datafield><datafield ind1="0" ind2="0" tag="245"><subfield code="a">Hoa thi&#803;nh &#273;o&#769;&#770;n vie&#803;&#770;t ba&#769;o.</subfield></datafield><datafield ind1=" " ind2="1" tag="264"><subfield code="a">Airlington, Va. ;</subfield><subfield code="b">Hoa Thi&#803;nh &#272;o&#769;&#770;n Vie&#803;&#770;t Ba&#769;o,</subfield><subfield code="c">1984-</subfield></datafield><datafield ind1=" " ind2=" " tag="300"><subfield code="a">volumes :</subfield><subfield code="b">illustrations ;</subfield><subfield code="c">37 cm</subfield></datafield><datafield ind1=" " ind2=" " tag="310"><subfield code="a">Weekly</subfield></datafield><datafield ind1=" " ind2=" " tag="336"><subfield code="a">text</subfield><subfield code="b">txt</subfield><subfield code="2">rdacontent</subfield></datafield><datafield ind1=" " ind2=" " tag="337"><subfield code="a">unmediated</subfield><subfield code="b">n</subfield><subfield code="2">rdamedia</subfield></datafield><datafield ind1=" " ind2=" " tag="338"><subfield code="a">volume</subfield><subfield code="b">nc</subfield><subfield code="2">rdacarrier</subfield></datafield><datafield ind1="1" ind2=" " tag="362"><subfield code="a">Began with na&#774;m th&#432;&#769; 1, so&#769;&#770; 1  (1 tha&#768;ng 10 na&#769;m 1984 [October 1, 1984]).</subfield></datafield><datafield ind1=" " ind2=" " tag="588"><subfield code="a">Description based on: Na&#774;m th&#432;&#769; 1, so&#769;&#770; 1  (1 tha&#768;ng 10 na&#769;m 1984 [October 1, 1984]); title from cover.</subfield></datafield><datafield ind1=" " ind2=" " tag="588"><subfield code="a">Latest issue consulted: so&#769;&#770; 261 (7/28/90).</subfield></datafield><datafield ind1=" " ind2="0" tag="651"><subfield code="a">Vietnam</subfield><subfield code="v">Newspapers.</subfield></datafield><datafield ind1=" " ind2="0" tag="651"><subfield code="a">Arlington (Va.)</subfield><subfield code="v">Newspapers.</subfield></datafield><datafield ind1=" " ind2="7" tag="651"><subfield code="a">Vietnam.</subfield><subfield code="2">fast</subfield><subfield code="0">(OCoLC)fst01204778</subfield></datafield><datafield ind1=" " ind2="7" tag="651"><subfield code="a">Virginia</subfield><subfield code="z">Arlington.</subfield><subfield code="2">fast</subfield><subfield code="0">(OCoLC)fst01205304</subfield></datafield><datafield ind1=" " ind2="7" tag="655"><subfield code="a">Newspapers.</subfield><subfield code="2">fast</subfield><subfield code="0">(OCoLC)fst01423814</subfield></datafield></record>